%% This BibTeX bibliography file was created using BibDesk.
%% http://bibdesk.sourceforge.net/


%% Created for Lauro Cesar Araujo at 2013-08-21 10:57:09 -0300 
@book{Weeks,
author = {Weeks, Michael},
isbn = {0977858200},
title = {{Digital Signal Processing using MATLAB and wavelets}}
}
@misc{Pegg,
author = {Peeg, Ed, Jr},
title = {Ed Pegg Jr.'s Math Games: Sudoku Variations},
year = {2006},
url = {http://www.mathpuzzle.com/MAA/41-Sudoku%20Variations/mathgames_09_05_05.html}
}
@online{Mathworks,
author = {Mathworks},
year = {2015},
url = {http://www.mathworks.com/help/matlab/},
OPTorganization = {Mathworks},
OPTurldate = {22 fev 2015},
}


